<?xml version="1.0" encoding="UTF-8"?><record xmlns="http://www.loc.gov/MARC21/slim" xmlns:cinclude="http://apache.org/cocoon/include/1.0" xmlns:zs="http://www.loc.gov/zing/srw/">
  <leader>00395nz  a2200121n  4500</leader>
  <controlfield tag="001">n  86136992 </controlfield>
  <controlfield tag="003">DLC</controlfield>
  <controlfield tag="005">19860828122253.5</controlfield>
  <controlfield tag="008">860826n| acannaab|          |n aaa |||  </controlfield>
  <datafield tag="010" ind1=" " ind2=" ">
    <subfield code="a">n  86136992 </subfield>
  </datafield>
  <datafield tag="040" ind1=" " ind2=" ">
    <subfield code="a">DLC</subfield>
    <subfield code="c">DLC</subfield>
    <subfield code="d">DLC</subfield>
  </datafield>
  <datafield tag="100" ind1="1" ind2="0">
    <subfield code="a">Maier, Georg E.</subfield>
  </datafield>
  <datafield tag="670" ind1=" " ind2=" ">
    <subfield code="a">His Exceptionbehandlung und Synchronisation, c1985:</subfield>
    <subfield code="b">t.p. (Georg E. Maier) verso t.p. (ETH; Inst. f. Autom. u. Industr. Elektr., ZuĚrich)</subfield>
  </datafield>
</record>